@misc{ wiki:hawk,
    author = "{Wikipedia contributors}",
    title = "Hawk-Eye --- {Wikipedia}{,} The Free Encyclopedia",
    year = "2018",
    howpublished = "\url{https://en.wikipedia.org/wiki/Hawk-Eye}",
    note = "[Online; accessed 14-April-2018]"
}
  
  
@misc{ wiki:python,
    author = "{Wikipedia contributors}",
    title = "Python (programming language) --- {Wikipedia}{,} The Free Encyclopedia",
    year = "2018",
    howpublished = "\url{https://en.wikipedia.org/wiki/Python_(programming_language)}",
    note = "[Online; consultado 14-04-2018]"
}
  
  
@misc{ wiki:opencv,
    author = "{Wikipedia contributors}",
    title = "OpenCV --- {Wikipedia}{,} The Free Encyclopedia",
    year = "2018",
    howpublished = "\url{https://en.wikipedia.org/wiki/OpenCV}",
    note = "[Online; consultado 14-04-2018]"
}
  
@book{ book:szeliski,
	author = {Richard Szeliski},
	title = {Computer Vision: Algorithms and Applications},
	publisher = {Springer},
	year = {2010},
	isbn = {1848829345},
	note = {Disponible online}
}

@article{ art:2012arXiv1202.2745C,
    author = {{Cire{\c s}an}, D. and {Meier}, U. and {Schmidhuber}, J.},
    title = "{Multi-column Deep Neural Networks for Image Classification}",
    journal = {ArXiv e-prints},
    archivePrefix = "arXiv",
    eprint = {1202.2745},
    primaryClass = "cs.CV",
    keywords = {Computer Science - Computer Vision and Pattern Recognition, Computer Science - Artificial Intelligence},
    year = 2012,
    month = feb,
    adsurl = {http://adsabs.harvard.edu/abs/2012arXiv1202.2745C},
    adsnote = {Provided by the SAO/NASA Astrophysics Data System}
}

@article{art:introToCV,
    author = {Thomas, Graham and Moeslund, Thomas and Hilton, Adrian},
    year = {2014},
    month = {01},
    pages = {},
    title = {Introduction to the Use of Computer Vision in Sports},
    volume = {71},
    booktitle = {Advances in Computer Vision and Pattern Recognition}
}

@article{art:2017arXiv170306870H,
    author = {{He}, K. and {Gkioxari}, G. and {Doll{\'a}r}, P. and {Girshick}, R.},
    title = "{Mask R-CNN}",
    journal = {ArXiv e-prints},
    archivePrefix = "arXiv",
    eprint = {1703.06870},
    primaryClass = "cs.CV",
    keywords = {Computer Science - Computer Vision and Pattern Recognition},
    year = 2017,
    month = mar,
    adsurl = {http://adsabs.harvard.edu/abs/2017arXiv170306870H},
    adsnote = {Provided by the SAO/NASA Astrophysics Data System}
}

@book{ book:cvInSports,
	author = {Moeslund, Thomas and Thomas, Graham and Hilton, Adrian},
	title = {Computer Vision in Sports},
	publisher = {Springer},
	year = {2014},
	isbn = {978-3-319-09395-6}
}